<record><leader>00000cas a22000007a 4500</leader><controlfield tag="001">13578027</controlfield><controlfield tag="008">860516d19651971njuwr ne      0    0eng d</controlfield><datafield ind1=" " ind2=" " tag="010"><subfield code="a">sn 86077154 </subfield></datafield><datafield ind1=" " ind2=" " tag="040"><subfield code="a">NPA</subfield><subfield code="b">eng</subfield><subfield code="c">NPA</subfield><subfield code="d">NJW</subfield><subfield code="d">OCLCQ</subfield></datafield><datafield ind1=" " ind2=" " tag="042"><subfield code="a">msc</subfield></datafield><datafield ind1="0" ind2=" " tag="130"><subfield code="a">Teaneck sun (1965)</subfield></datafield><datafield ind1="1" ind2="4" tag="245"><subfield code="a">The Teaneck sun.</subfield></datafield><datafield ind1=" " ind2=" " tag="260"><subfield code="a">[Englewood, N.J. :</subfield><subfield code="b">Teaneck Sun],</subfield><subfield code="c">1965-</subfield></datafield><datafield ind1=" " ind2=" " tag="300"><subfield code="a">v. :</subfield><subfield code="b">ill.</subfield></datafield><datafield ind1=" " ind2=" " tag="310"><subfield code="a">Weekly</subfield></datafield><datafield ind1="0" ind2=" " tag="362"><subfield code="a">Vol. 92, no. 39 (Sept. 30, 1965)-</subfield></datafield><datafield ind1="1" ind2=" " tag="362"><subfield code="a">Ceased in 1971.</subfield></datafield><datafield ind1=" " ind2=" " tag="500"><subfield code="a">Published in Teaneck, N.J., Nov. 9, 1967-&lt;June 26, 1969&gt;.</subfield></datafield><datafield ind1=" " ind2=" " tag="500"><subfield code="a">Published by Palisades Newspapers, Oct. 28, 1965-&lt;June 26, 1969&gt;.</subfield></datafield><datafield ind1=" " ind2=" " tag="515"><subfield code="a">Volume numbering changes from v. 92 to v. 29 with the issue for Jan. 6, 1966.</subfield></datafield><datafield ind1=" " ind2=" " tag="530"><subfield code="a">Also issued on microfilm by Rutgers University Libraries.</subfield></datafield><datafield ind1=" " ind2=" " tag="752"><subfield code="a">United States</subfield><subfield code="b">New Jersey</subfield><subfield code="c">Bergen</subfield><subfield code="d">Englewood.</subfield></datafield><datafield ind1=" " ind2=" " tag="752"><subfield code="a">United States</subfield><subfield code="b">New Jersey</subfield><subfield code="c">Bergen</subfield><subfield code="d">Teaneck.</subfield></datafield><datafield ind1="0" ind2="0" tag="780"><subfield code="t">Press journal (Englewood, N.J. : 1965 : Teaneck ed.)</subfield><subfield code="w">(DLC)sn 86077159</subfield><subfield code="w">(OCoLC)13577991</subfield></datafield><datafield ind1="0" ind2="4" tag="785"><subfield code="t">Press-journal (Englewood, N.J. : 1949)</subfield><subfield code="g">May 20, 1971</subfield><subfield code="w">(DLC)sn 85035578</subfield><subfield code="w">(OCoLC)13578452</subfield></datafield></record>